% TIPS
% En caso de error Unicode char (U+301) -> borrar los "\" previos a las "i" en las bibliografías
% Si el error persiste reemplazar los códigos especiales de todas las letras ej: "{\'o}" por el equivalente utf8 ej: "ó"
% En caso de que una referencia no salga con el nombre completo del autor que se desea, en ves de utilizar espacio con la barra espaciadora, utilizar el simbolo ~, es decir: Pepito Ortega, esto sería: Pepito~Ortega. 

%------------------------
%
%       BIBLIOGRAFÍA
%
%------------------------

%INTRODUCCION
@article{J_tecnologica,
  author = {GUBBI, Jayavardhana and BUYYA, Rajkumar and MARUSIC, Slaven and PALANISWAMI, Marimuthu},
  title = {Internet of Things (IoT): A vision, architectural elements, and future directions},
  journal = {Future Generation Computer Systems},
  volume = {29},
  number = {7},
  pages = {1645-1660},
  year = {2013},
  publisher = {Elsevier},
  doi = {10.1016/j.future.2013.01.010}
}

@article{J_tecnologica2,
  author = {LEE, Jay and BAGHERI, Behrad and KAO, Hung-An},
  title = {A Cyber-Physical Systems architecture for Industry 4.0-based manufacturing systems},
  journal = {Manufacturing Letters},
  volume = {3},
  pages = {18-23},
  year = {2015},
  publisher = {Elsevier},
  doi = {10.1016/j.mfglet.2014.12.001}
}

@report{McKinsey2017,
  title = {Smartening up with Artificial Intelligence (AI): What’s in it for Germany and its Industrial Sector?},
  author = {MCKINSEY GLOBAL INSTITUTE},
  year = {2017},
  month = {4},
  publisher = {McKinsey and Company},
  url = {https://www.mckinsey.com/business-functions/mckinsey-digital/our-insights/smartening-up-with-artificial-intelligence},
}

@misc{WEF2018,
  title = {The Digital Transformation of Industries: The Societal Implications},
  author = {WORLD ECONOMIC FORUM},
  year = {2018},
  note = {Recuperado: 2024-10-05},
  url = {https://reports.weforum.org/digital-transformation},
}

@book{Mobley2002,
  author = {MOBLEY, R. Keith},
  title = {An Introduction to Predictive Maintenance},
  year = {2002},
  publisher = {Elsevier},
  edition = {Second Edition},
  address = {Burlington, MA},
  isbn = {978-0750675314}
}

@article{Schneider2015,
  author = {Schneider, Matthew and PROBST, Christian W.},
  title = {An economic model for prioritizing predictive maintenance tasks},
  journal = {Journal of Quality in Maintenance Engineering},
  volume = {21},
  number = {3},
  pages = {302-312},
  year = {2015},
  publisher = {Emerald Insight},
  doi = {10.1108/JQME-02-2014-0010}
}


@article{predictive,
  title={Predictive maintenance (Pdm) structure using internet of things (iot) for mechanical equipment used into hospitals in Rwanda},
  author={Niyonambaza, Irene and Zennaro, Marco and Uwitonze, Alfred},
  journal={Future Internet},
  volume={12},
  number={12},
  pages={224},
  year={2020},
  publisher={MDPI}
}

% marco teorico
@article{autoclave,
  title={Control de temperatura de una autoclave de vapor saturado para la esterilizaci{\'o}n de instrumental quir{\'u}rgico},
  author={VILLAMIZAR, Jairo Viola and AGUDELO, Ra{\'u}l Restrepo and G{\'O}MEZ, Peter},
  journal={Revista UIS ingenier{\'i}as},
  volume={17},
  number={2},
  pages={153--158},
  year={2018},
  publisher={Universidad Industrial de Santander}
}

@book{autoclave2,
  title={Disinfection, Sterilization, and Preservation},
  author={Cf. BLOCK, Seymour Stanton},
  year={2001},
  edition={5th},
  publisher={Lippincott Williams \& Wilkins},
  address={Philadelphia},
  isbn={978-0683307405},
  pages={83--120}
}
@mastersthesis{funcionamiento,
  title={Sistemas de control y monitoreo de un autoclave para la industria farmac{\'e}utica},
  author={PAZMI{\~N}O MALDONADO, Andr{\'e} Nikolai},
  type={{B.S.} thesis},
  year={2001},
  school={Quito: EPN, 2001.}
}
@mastersthesis{funcionamiento2,
  title={Sistemas de control y monitoreo de un autoclave para la industria farmac{\'e}utica},
  author={Ct. PAZMI{\~N}O MALDONADO, Andr{\'e} Nikolai},
  type={{B.S.} thesis},
  year={2001},
  school={Quito: EPN, 2001.}
}

@book{medina,
  author    = {JUAN MEDINA},
  title     = {El Autoclave: Principios y Aplicaciones},
  publisher = {Editorial Cient{\'i}fica},
  year      = {1974},
  address   = {Ciudad de Publicación}
}
@book{altavelocidad,
  author    = {CARLOS PEREZ},
  title     = {Tecnolog{\'i}a de Autoclaves de Alta Velocidad},
  publisher = {Editorial Técnica},
  year      = {2019},
  address   = {Ciudad de Publicación}
}
@book{demesa,
  author    = {ANA LOPEZ},
  title     = {Autoclaves de Sobremesa: Eficiencia en Espacios Reducidos},
  publisher = {Editorial M{\'e}dica},
  year      = {2020},
  address   = {Ciudad de Publicación}
}
@book{garcia_autoclave_industrial_2018,
  author    = {LUIS GARCIA},
  title     = {Autoclaves Industriales: Diseño y Aplicaciones},
  publisher = {Editorial T{\'e}cnica Industrial},
  year      = {2018},
  address   = {Ciudad de Publicaci{\'o}n}
}

@book{Relevancia,
  author    = {CARLOS RODRIGUEZ},
  title     = {Mantenimiento y Gesti{\'o}n de Autoclaves en la Industria},
  publisher = {Editorial Tecnol{\'o}gica},
  year      = {2020},
  address   = {Ciudad de Publicación}
}

@book{iso_13485_2016,
  author    = {International Organization for STANDARDIZATION},
  title     = {ISO 13485:2016 - Medical devices - Quality management systems - Requirements for regulatory purposes},
  publisher = {International Organization for Standardization},
  year      = {2016},
  address   = {Geneva, Switzerland}
}

@book{fda_autoclaves_2020,
  author    = {U.S. FOOD and Drug Administration (FDA)},
  title     = {FDA Guidance for the Validation of Sterilization Processes},
  publisher = {U.S. FDA},
  year      = {2020},
  address   = {Washington, D.C.}
}

@book{fda_autoclaves_2024,
  author    = {U.S. Food and Drug Administration (FDA)},
  title     = {FDA Guidance for the Validation of Sterilization Processes},
  publisher = {U.S. FDA},
  year      = {2020},
  address   = {Washington, D.C.}
}
@article{bolanakis2019survey,
  title={A survey of research in microcontroller education},
  author={BOLANAKIS, Dimosthenis E},
  journal={IEEE Revista Iberoamericana de Tecnologias del Aprendizaje},
  volume={14},
  number={2},
  pages={50--57},
  year={2019},
  publisher={IEEE}
}

@book{prieto2018proteus,
  author       = {JOS{\'E} PRIETO},
  title        = {Iniciaci{\'o}n a Proteus 8 paso a paso},
  year         = {2018},
  publisher    = {Servicio de Publicaciones de la Universidad de Oviedo}
}

@book{Kelly2012,
  author = {KELLY, Anthony and HARRIS, Mohamed Ben-Daya},
  title = {Maintenance Organization and Systems},
  year = {2012},
  publisher = {Butterworth-Heinemann},
  edition = {Second Edition},
  address = {Oxford, UK}
}

@book{Wireman2004,
  author = {WIREMAN, Terry},
  title = {Preventive Maintenance},
  year = {2004},
  publisher = {Butterworth-Heinemann},
  edition = {Third Edition},
  address = {Oxford, UK},
  isbn = {978-0750677387}
}

@article{Jardine2006,
  author = {JARDINE, Andrew K. S. and LIN, Daming and BANJEVIC, Dragan},
  title = {A review on machinery diagnostics and prognostics implementing condition-based maintenance},
  journal = {Mechanical Systems and Signal Processing},
  volume = {20},
  number = {7},
  pages = {1483-1510},
  year = {2006},
  publisher = {Elsevier},
  doi = {10.1016/j.ymssp.2005.09.012}
}

@article{Islam2015,
  author = {ISLAM, Shafiullah and KWAK, Dongkyun and KABIR, Md. HOSSAIN and Hossain, Mahmud and KWAK, Kyung-Sup},
  title = {The Internet of Things for Health Care: A Comprehensive Survey},
  journal = {IEEE Access},
  volume = {3},
  pages = {678-708},
  year = {2015},
  publisher = {IEEE},
  doi = {10.1109/ACCESS.2015.2437951}
}
@article{Bandyopadhyay2011,
  author = {BANDYOPADHYAY, Debasis and SEN, Jaydip},
  title = {Internet of Things: Applications and Challenges in Technology and Standardization},
  journal = {Wireless Personal Communications},
  volume = {58},
  number = {1},
  pages = {49-69},
  year = {2011},
  publisher = {Springer},
  doi = {10.1007/s11277-011-0288-5}
}

@article{AlFuqaha2015,
  author = {AL-FUQAHA, Ala and GUIZANI, Mohsen and MOHAMMADI, Mehdi and ALEDHARI, Mohammed and AYYASH, Moussa},
  title = {Internet of Things: A Survey on Enabling Technologies, Protocols, and Applications},
  journal = {IEEE Communications Surveys \& Tutorials},
  volume = {17},
  number = {4},
  pages = {2347-2376},
  year = {2015},
  publisher = {IEEE},
  doi = {10.1109/COMST.2015.2444095}
}

@book{Light2017,
  author = {LIGHT, Peter},
  title = {MQTT Essentials - A Lightweight IoT Protocol},
  year = {2017},
  publisher = {Packt Publishing},
  address = {Birmingham, UK}
}
@misc{Fette2011,
  author = {FETTE, Ian and MELNIKOV, Alexey},
  title = {The WebSocket Protocol},
  year = {2011},
  howpublished = {Internet Engineering Task Force (IETF) RFC 6455},
  url = {https://datatracker.ietf.org/doc/html/rfc6455}
}

@book{Shelby2014,
  author = {SHELBY, Zhen and HARTKE, Klaus and BORMANN, Christian},
  title = {CoAP: Constraint Application Protocol},
  year = {2014},
  publisher = {Springer},
  address = {Berlin, Germany}
}
@article{Sicari2015,
  author = {SICARI, S. and RIZZARDI, A. and GRIECO, L. A. and COEN-PORISINI, A.},
  title = {Security, privacy and trust in Internet of Things: The road ahead},
  journal = {Computer Networks},
  volume = {76},
  pages = {146-164},
  year = {2015},
  publisher = {Elsevier},
  doi = {10.1016/j.comnet.2014.11.010}
}

@article{Zhou2018,
  author = {ZHOU, Q. and HE, H. and ZHANG, W. and WANG, W.},
  title = {Security and Privacy for the Internet of Things: Issues and Challenges},
  journal = {IEEE Transactions on Industrial Informatics},
  volume = {14},
  number = {2},
  pages = {717-725},
  year = {2018},
  publisher = {IEEE},
  doi = {10.1109/TII.2017.2783924}
}
@misc{Vercel2020,
  author = {VERCEL},
  title = {Next.js Documentation},
  year = {2020},
  howpublished = {\url{https://nextjs.org/docs}},
  note = {Recuperado: 2024-11-01}
}

@article{Lopez2019,
  author = {LOPEZ, Juan and P{\'E}REZ, Ana and MART{\'I}NEZ, Carlos},
  title = {Implementaci{\'o}n de un sistema de monitoreo remoto para autoclaves en hospitales europeos},
  journal = {Revista Internacional de Innovación Tecnol{\'o}gica},
  year = {2019},
  volume = {24},
  number = {4},
  pages = {345-356},
  doi = {10.1016/j.iti.2019.05.007}
}
@book{vallet2018platformio,
  author       = {Iván VALLET},
  title        = {Desarrollo en PlatformIO para ESP32, ESP8266 y Arduino},
  year         = {2018},
  publisher    = {Autoedición},
  isbn         = {978-1981129394},
  note         = {Guía práctica para el desarrollo de proyectos IoT utilizando PlatformIO.}
}
@manual{emq2020,
  author       = {EMQ TECHNOLOGIES CO., Ltd.},
  title        = {EMQ X: The Cloud-Native MQTT Broker for IoT},
  year         = {2020},
  url          = {https://www.emqx.io/},
  note         = {Documentación oficial sobre el uso y características del broker MQTT EMQ X.}
}
@manual{carleton2018mosquitto,
  author       = {Roger A. LIGHT and Eclipse FOUNDATION},
  title        = {Eclipse Mosquitto: An Open Source MQTT Broker},
  year         = {2018},
  url          = {https://mosquitto.org/},
  note         = {Documentación oficial del broker MQTT Eclipse Mosquitto.}
}
@manual{wolf2016hivemq,
  author       = {Dominik OBERMAIER and Christian G{\"U}NTHER},
  title        = {HiveMQ: The MQTT Broker for Scalable and Reliable IoT Applications},
  year         = {2016},
  publisher    = {dc-square GmbH},
  url          = {https://www.hivemq.com/},
  note         = {Documentación oficial sobre el broker MQTT HiveMQ.}
}
@book{chodorow2013mongodb,
  author       = {Kristina CHODOROW},
  title        = {MongoDB: The Definitive Guide},
  year         = {2013},
  edition      = {2nd},
  publisher    = {O'Reilly Media},
  address      = {Sebastopol, CA},
  isbn         = {978-1449344689},
  note         = {Guía completa para el uso y administración de MongoDB.}
}
@book{moffatt2018firebase,
  author       = {Laurence MORONEY and Abe MOFFATT},
  title        = {The Definitive Guide to Firebase: Build Android Apps on Google's Mobile Platform},
  year         = {2018},
  publisher    = {Apress},
  address      = {Berkeley, CA},
  isbn         = {978-1484237740},
  note         = {Guía integral para el desarrollo de aplicaciones utilizando Firebase.}
}

@book{jovanovic2018influxdb,
  author       = {Borislav JOVANOVIC},
  title        = {Learning InfluxDB},
  year         = {2018},
  publisher    = {Packt Publishing},
  address      = {Birmingham, UK},
  isbn         = {978-1788628163},
  note         = {Guía práctica para aprender y utilizar InfluxDB en la gestión de series temporales.}
}

@book{banzi2014arduino,
  author       = {Massimo BANZI and Michael SHILOH},
  title        = {Getting Started with Arduino},
  year         = {2014},
  edition      = {3rd},
  publisher    = {Make: Books},
  address      = {Sebastopol, CA},
  isbn         = {978-1-4493-6335-0},
  note         = {Guía introductoria al uso de Arduino y su entorno de desarrollo (IDE).}
}

@article{Santos2020,
  author = {SANTOS, Pedro and SOUZA, Ricardo and LIMA, Mariana},
  title = {Aplicaci{\'o}n de IoT en el mantenimiento remoto de autoclaves en la industria farmac{\'e}utica en Brasil},
  journal = {Revista Brasileira de Ingenier{\'i}a Industrial},
  year = {2020},
  volume = {32},
  number = {3},
  pages = {223-234},
  doi = {10.1590/rbei.2020.0234}
}

@manual{i2c2012specification,
  title        = {UM10204: I²C-bus Specification and User Manual},
  author       = {NXP SEMICONDUCTORS},
  year         = {2012},
  url          = {https://www.nxp.com/docs/en/user-guide/UM10204.pdf},
  note         = {Documento técnico oficial sobre el estándar I²C.}
}

@manual{modbus2012specification,
  title        = {Modbus Application Protocol Specification V1.1b3},
  author       = {MODBUS ORGANIZATION, Inc.},
  year         = {2012},
  url          = {https://modbus.org/specs.php},
  note         = {Guía oficial del protocolo Modbus.}
}

@manual{canprotocol,
  title        = {CAN Specification Version 2.0},
  author       = {Robert Bosch GMBH},
  year         = {1991},
  url          = {https://www.bosch.com/products-and-services/mobility-solutions/connectivity/can/},
  note         = {Especificación oficial del protocolo CAN.}
}


@manual{rs232spec,
  title        = {EIA-232 Standard: Interface Between Data Terminal Equipment and Data Circuit-Terminating Equipment Employing Serial Binary Data Interchange},
  author       = {Electronic Industries Alliance (EIA)},
  year         = {1969},
  note         = {Especificación técnica oficial de RS-232.}
}

@manual{rs485spec,
  title        = {EIA-485 Standard: Electrical Characteristics of Generators and Receivers for Use in Balanced Digital Multipoint Systems},
  author       = {Electronic Industries Alliance (EIA)},
  year         = {1998},
  note         = {Especificación técnica oficial de RS-485.}
}

@misc{espressif,
  author       = {Espressif SYSTEMS},
  title        = {Espressif - A Leading Company in the Internet of Things (IoT) Industry},
  year         = {2024},
  url          = {https://www.espressif.com/en},
  note         = {Recuperado: 2024-09-15}
}
@misc{dronebot_esp32_2024,
  author       = {DroneBot Workshop},
  title        = {ESP32 - Everything You Need to Know in 2024},
  year         = {2024},
  url          = {https://dronebotworkshop.com/esp32-2024/},
  note         = {Recuperado: 2024-09-15}
}

@misc{stm32,
  author       = {STMICROELECTRONICS},
  title        = {STM32 32-bit Arm Cortex MCUs},
  year         = {2024},
  url          = {https://www.st.com/en/microcontrollers-microprocessors/stm32-32-bit-arm-cortex-mcus.html},
  note         = {Recuperado: 2024-09-15}
}
@book{leung2020easyeda,
  author       = {Winston LEUNG},
  title        = {EasyEDA: The Complete Guide},
  year         = {2020},
  publisher    = {Independently published},
  isbn         = {979-8617772304},
  note         = {Guía completa para diseñar circuitos electrónicos utilizando EasyEDA.}
}

@misc{angular,
  author       = {Google LLC},
  title        = {Angular - Overview},
  year         = {2024},
  url          = {https://angular.dev/overview},
  note         = {Recuperado: 2024-10-08}
}

@misc{arduino_docs,
  author       = {Arduino},
  title        = {Arduino Documentation},
  year         = {2024},
  url          = {https://docs.arduino.cc/},
  note         = {Recuperado: 2024-10-15}
}

@misc{python,
  author       = {PYTHON},
  title        = {About Python},
  year         = {2024},
  url          = {https://www.python.org/about/},
  note         = {Recuperado: 2024-10-15}
}

@misc{typescript,
  author       = {MICROSOFT},
  title        = {TypeScript: JavaScript with Syntax for Types},
  year         = {2024},
  url          = {https://www.typescriptlang.org/},
  note         = {Recuperado: 2024-10-15}
}

@misc{kicad,
  author       = {KiCad Development TEAM},
  title        = {About KiCad - Open Source EDA},
  year         = {2024},
  url          = {https://www.kicad.org/about/kicad/},
  note         = {Recuperado: 2024-10-20}
}

@misc{solidworks,
  author       = {Dassault SYSTEMES},
  title        = {SolidWorks - Diseño CAD 3D},
  year         = {2024},
  url          = {https://www.solidworks.com/es},
  note         = {Recuperado: 2024-11-04}
}

@misc{seeedstudio_xiao_esp32c3,
  author       = {Seeed Studio},
  title        = {XIAO ESP32C3 - Getting Started Guide},
  year         = {2024},
  url          = {https://wiki.seeedstudio.com/XIAO_ESP32C3_Getting_Started/},
  note         = {Recuperado: 2024-09-20}
}

@misc{vscode_why,
  author       = {MICROSOFT},
  title        = {Visual Studio Code},
  year         = {2024},
  url          = {https://code.visualstudio.com/docs/editor/whyvscode},
  note         = {Recuperado: 2024-10-20}
}
